
    <zs:record>
      <zs:recordSchema/>
      <zs:recordPacking>xml</zs:recordPacking>
      <zs:recordData>
        <record xmlns="http://www.loc.gov/MARC21/slim">
          <leader>00765cam a2200217u  4500</leader>
          <controlfield tag="001">8198623</controlfield>
          <controlfield tag="005">20150429134852.0</controlfield>
          <controlfield tag="008">821001s1875    stke          000 0 eng  </controlfield>
          <datafield tag="035" ind1=" " ind2=" ">
            <subfield code="9">(DLC)   03025957</subfield>
          </datafield>
          <datafield tag="906" ind1=" " ind2=" ">
            <subfield code="a">0</subfield>
            <subfield code="b">cbc</subfield>
            <subfield code="c">premunv</subfield>
            <subfield code="d">u</subfield>
            <subfield code="e">ncip</subfield>
            <subfield code="f">19</subfield>
            <subfield code="g">y-gencatlg</subfield>
          </datafield>
          <datafield tag="010" ind1=" " ind2=" ">
            <subfield code="a">   03025957 </subfield>
          </datafield>
          <datafield tag="040" ind1=" " ind2=" ">
            <subfield code="a">DLC</subfield>
            <subfield code="c">CarP</subfield>
            <subfield code="d">DLC</subfield>
          </datafield>
          <datafield tag="043" ind1=" " ind2=" ">
            <subfield code="a">e-uk-st</subfield>
          </datafield>
          <datafield tag="050" ind1="0" ind2="0">
            <subfield code="a">GN792.G7</subfield>
            <subfield code="b">M2</subfield>
          </datafield>
          <datafield tag="100" ind1="1" ind2=" ">
            <subfield code="a">Maclagan, Christian, Miss.</subfield>
            <subfield code="c">[from old catalog]</subfield>
          </datafield>
          <datafield tag="245" ind1="0" ind2="4">
            <subfield code="a">The hill forts, stone circles, and other structural remains of ancient Scotland.</subfield>
          </datafield>
          <datafield tag="260" ind1=" " ind2=" ">
            <subfield code="a">Edinburgh,</subfield>
            <subfield code="b">Edmonston and Douglas,</subfield>
            <subfield code="c">1875.</subfield>
          </datafield>
          <datafield tag="300" ind1=" " ind2=" ">
            <subfield code="a">1 p.l., x, 148 p.</subfield>
            <subfield code="b">front., xxxix pl. (incl. plans)</subfield>
            <subfield code="c">38 cm.</subfield>
          </datafield>
          <datafield tag="651" ind1=" " ind2="0">
            <subfield code="a">Scotland</subfield>
            <subfield code="x">Antiquities.</subfield>
          </datafield>
          <datafield tag="650" ind1=" " ind2="0">
            <subfield code="a">Megalithic monuments</subfield>
            <subfield code="z">Scotland.</subfield>
          </datafield>
          <datafield tag="991" ind1=" " ind2=" ">
            <subfield code="b">c-GenColl</subfield>
            <subfield code="h">GN792.G7</subfield>
            <subfield code="i">M2</subfield>
            <subfield code="t">Copy 1</subfield>
            <subfield code="w">PREM</subfield>
          </datafield>
        </record>
      </zs:recordData>
      <zs:recordPosition>2</zs:recordPosition>
    </zs:record>
  </zs:records>
  <zs:echoedSearchRetrieveRequest>
    <zs:version>1.1</zs:version>
    <zs:query>dc.creator="Maclagan, Christian"</zs:query>
    <zs:maximumRecords>100</zs:maximumRecords>
    <zs:recordPacking>xml</zs:recordPacking>
  </zs:echoedSearchRetrieveRequest>
</zs:searchRetrieveResponse>
